


@article{Angela:2023,
  title={A Brief Survey on Wallpaper Groups},
  author={Zhoa, Angela},
  url ={https://math.mit.edu/research/highschool/primes/circle/documents/2023/Angela_Zhao.pdf},
  year = {2023}
}

@article{Ganapathy:2021,
    author = {Tanvi Ganapathy},
    title = {Wallpaper Groups: Alhambra, Escher and Symmetries},
    url = {https://math.mit.edu/research/highschool/primes/circle/documents/2021/Ganapathy.pdf},
    journal = {MIT},
    year = {2021}
}
@article{MontgomeryCollege:2023,
    author = {Montgomery College},
    title = {Wallpaper Groups & Applications - Early College Colloquium 2023},
    url = {https://www.youtube.com/watch?v=UL3euP0XNcA},
    note  = {Accessed: 2024-05-30}
}
@misc{Cali1,
    author = {Cali w},
    title = {Wallpaper Groups},
    url = {https://www.youtube.com/watch?v=uEBgG-Am0vA},
    note  = {Accessed: 2024-05-24}
}

@misc{Trefor1,
    author = {Dr Trefor Bazett},
    title = {The Beauty of Symmetry: An Introduction to the Wallpaper Group},
    url = {https://www.youtube.com/watch?v=C_konuQKGtQ},
    note  = {Accessed: 2024-05-24}
}

@misc{Clark1,
    author = {David E. Joyce},
    title = {Wallpaper Groups:The 17 plane symmetry groups},
    year = {2024},
    url = {https://www2.clarku.edu/faculty/djoyce/wallpaper/seventeen.html},
    note = {Accessed: 2024-05-28}
}


@misc{Tomruen:2015,
    author = {Tomruen},
    title = {Frieze group example with feet under John Conway's nicknames},
    year = {2015},
    url = {https://commons.wikimedia.org/wiki/File:Frieze_step.png},
    note = {Licensed under Creative Commons Attribution 4.0 International (CC BY 4.0)}
}

@misc{WallpaperGenerator,
url =  {https://math.hws.edu/eck/js/symmetry/wallpaper.html}

}